<?xml version="1.0" encoding="UTF-8"?><collection xmlns="http://www.loc.gov/MARC21/slim"><record><leader>00409nam--2200157-i-4500</leader><controlfield tag="001">000015724</controlfield><controlfield tag="002">20161230</controlfield><controlfield tag="005">20170304182231</controlfield><controlfield tag="008">060222s1000------------r-----000-0-eng-d</controlfield><datafield ind1=" " ind2=" " tag="100"><subfield code="a">Cristescu, Dorin</subfield></datafield><datafield ind1=" " ind2=" " tag="245"><subfield code="a">Automobilul. constructie. Functionare. Depanare</subfield></datafield><datafield ind1=" " ind2=" " tag="260"><subfield code="a">Bucuresti</subfield><subfield code="b">Editura Tehnica</subfield><subfield code="c">1986</subfield></datafield><datafield ind1=" " ind2=" " tag="300"><subfield code="a">284 p</subfield></datafield><datafield ind1=" " ind2=" " tag="700"><subfield code="a">Raducu, Viorel</subfield></datafield><datafield ind1=" " ind2=" " tag="852"><subfield code="a">629.11</subfield></datafield><datafield ind1=" " ind2=" " tag="CAT"><subfield code="a">SYS</subfield><subfield code="c">20170304</subfield><subfield code="h">182231</subfield></datafield></record></collection>